@Book{moderncrypto,
author = {Christopher Swenson},
title = {Modern Cryptanalysis},
publisher = {Wiley},
year = {2008},
}

@Book{handbook,
author = {A. Menezes and P. {van Oorschot} and S. Vanstone},
title = {Handbook of Applied Cryptography},
publisher = {CRC Press},
year = {1996},
}

@Article{Heys,
 author = {Heys, Howard M.},
 title = {A tutorial on linear and differential cryptanalysis},
 journal = {Cryptologia},
 volume = {26},
 issue = {3},
 month = {July},
 year = {2002},
 issn = {0161-1194},
 pages = {189--221},
 numpages = {33},
 url = {http://portal.acm.org/citation.cfm?id=763194.763197},
 doi = {10.1080/0161-110291890885},
 acmid = {763197},
 publisher = {Taylor \& Francis, Inc.},
 address = {Bristol, PA, USA},
 keywords = {block ciphers, differential cryptanalysis, linear cryptanalysis, substitution-permutation networks, symmetric-key cryptography},
} 

@misc{king,
 author = {King, Jon},
 title = {Differential Cryptanalysis Tutorial},
 year = {2012},
 month = aug,
 url = {http://www.theamazingking.com/crypto-diff.php},
}

@MISC{gabore,
    author = {Pete Gabore},
    title = {{SubstitutionPermutationNetwork2.png}},
    year = {2009},
    month = {April},
    note = {Creative Commons Attribution}
}

@Article{BCC,
author = {Bruce Schneier},
title = {Self-Study Course in Block Cipher Cryptanalysis`},
journal = {Cryptologia},
year = {2000},
month = {January},
volume = {24},
number = {1},
pages = {18--34},
}

@Book{des93,
author = {Eli Biham and Adi Shamir},
title = {Differential Cryptanalysis of the Data Encryption Standard},
publisher = {Springer},
year = {1993},
month = {may},
}

@Book{dcdes,
author = {Eli Biham and Adi Shamir},
title = {Differential cryptanalysis of DES-like cryptosystems},
publisher = {Rehovot, Israel : Weizmann Institute of Science, Dept. of Computer Science},
year = {1990},
//series = {Makhon Ṿaitsman le-madaʻ.; Dept. of Computer Science.; Technical report},
}

@Article{shannon,
author = {Claude Elwood Shannon},
title = {Communication Theory of Secrecy Systems},
journal = {Bell System Technical Journal},
year = {1949},
volume = {28},
number = {4},
pages = {656–715},
url = {http://netlab.cs.ucla.edu/wiki/files/shannon1949.pdf},
}

@BOOK{BachandShallit,
  author = {Eric Bach and Jeffrey Shallit},
  title = {Algorithmic Number Theory, Volume 1:  Efficient Algorithms},
  publisher = {MIT Press},
  year = {1996}
}

@BOOK{IntroStat,
  author = {Les Underhill and Dave Bradfield},
  title = {Introstat},
  publisher = {University of Cape Town},
  year = {2009}
}

@ARTICLE{Alko,
  author =       {Alko Meijer},
  title =        {{``Coin flipping by telphone''}},
  journal =      {??},
  year =         {??},
  volume =       {??},
  number =       {?},
  pages =        {?}
}

@Book{StewertandTall,
  author = {I.~Stewart and D.~Tall},
  title = {Algebraic Number Theory},
  publisher = {Chapman and Hall},
  year = {1987},
}

@BOOK{Rose,
  author =       {H.E.~Rose},
  title =        {{A Course in Number Theory}},
  publisher =    {Oxford Science Publications},
  year =         {1994},
  edition =      {2nd}
}

@ONLINE{interhack,
    author = {Matt Curtin and Justin Dolske},
    title = {{A Brute-Force Search of DES Keyspace}},
    month = {May},
    year = {1998},
    url = {http://www.interhack.net/pubs/des-key-crack/}
}

@MISC{talkingtoChris,
  author =       {Christine Swart},
  note = {Personal communication},
  year =         {2005},
}
