@BOOK{BachandShallit,
  author = {Eric Bach and Jeffrey Shallit},
  title = {Algorithmic Number Theory, Volume 1:  Efficient Algorithms},
  publisher = {MIT Press},
  year = {1996}
}

@ARTICLE{Alko,
  author =       {Alko Meijer},
  title =        {{``Coin flipping by telphone''}},
  journal =      {??},
  year =         {??},
  volume =       {??},
  number =       {?},
  pages =        {?}
}

@ARTICLE{Blum1,
  author =       {Manuel Blum},
  title =        {{``Coin flipping by telephone''}},
  journal =      {Whatever it appeared in},
  year =         {19??},
  volume =       {?},
  number =       {?},
  pages =        {?}
}

@Book{StewertandTall,
  author = {I.~Stewart and D.~Tall},
  title = {Algebraic Number Theory},
  publisher = {Chapman and Hall},
  year = {1987},
}

@BOOK{Rose,
  author =       {H.E.~Rose},
  title =        {{A Course in Number Theory}},
  publisher =    {Oxford Science Publications},
  year =         {1994},
  edition =      {2nd}
}

@MISC{talkingtoChris,
  author =       {Christine Swart},
  note = {Personal communication},
  year =         {2005},
}
